@article{autor2023,
  author    = {Dein Autor},
  title     = {Titel des Artikels},
  journal   = {Name des Journals},
  year      = {2023},
  pages     = {123-145},
  doi       = {10.1234/doi},
}